DATE,GDP,Income,Employment,Industry,Sales,NBER
1967-03-31,4535.591,3313.597,52.069,39.222,387.354,0
1967-06-30,4538.370,3330.662,53.327,39.060,389.216,0
1967-09-30,4581.309,3367.530,54.417,39.328,392.448,0
1967-12-31,4615.853,3393.835,54.108,40.380,402.405,0
1968-03-31,4709.993,3448.202,53.190,40.958,407.922,0
1968-06-30,4788.688,3499.211,54.734,41.508,411.577,0
1968-09-30,4825.799,3554.169,55.399,41.830,415.589,0
1968-12-31,4844.779,3591.891,55.052,42.469,423.809,0
1969-03-31,4920.605,3623.915,54.665,43.294,423.355,0
1969-06-30,4935.564,3664.469,55.922,43.482,426.171,0
1969-09-30,4968.164,3717.645,56.877,44.007,429.804,0
1969-12-31,4943.935,3742.367,56.611,43.727,433.431,0
1970-03-31,4936.594,3763.565,55.792,42.669,424.043,1
1970-06-30,4943.600,3762.262,56.616,42.434,422.322,1
1970-09-30,4989.159,3794.409,57.204,42.283,425.043,1
1970-12-31,4935.693,3770.564,56.696,41.370,419.739,1
1971-03-31,5069.746,3819.106,55.728,42.165,432.501,0
1971-06-30,5097.179,3848.979,56.820,42.548,440.294,0
1971-09-30,5139.128,3875.649,57.870,42.678,443.071,0
1971-12-31,5151.245,3926.467,57.870,43.671,453.410,0
1972-03-31,5245.974,3993.730,57.473,44.575,463.104,0
1972-06-30,5365.045,4046.894,58.905,45.424,472.894,0
1972-09-30,5415.712,4120.991,60.030,45.954,482.604,0
1972-12-31,5506.396,4247.322,59.895,47.536,507.332,0
1973-03-31,5642.669,4263.109,59.301,49.018,521.440,0
1973-06-30,5704.098,4298.674,61.003,49.357,516.717,0
1973-09-30,5674.100,4329.182,62.132,49.731,516.480,0
1973-12-31,5727.960,4384.872,62.242,50.368,531.755,0
1974-03-31,5678.713,4300.682,61.258,49.996,529.149,1
1974-06-30,5692.210,4251.839,62.472,50.126,526.541,1
1974-09-30,5638.411,4249.102,63.409,49.799,520.020,1
1974-12-31,5616.526,4225.406,62.516,47.784,498.051,1
1975-03-31,5548.156,4177.939,60.289,44.785,478.312,1
1975-06-30,5587.800,4184.138,61.418,44.125,473.640,0
1975-09-30,5683.444,4223.274,62.769,45.162,482.931,0
1975-12-31,5759.972,4268.075,62.453,46.010,487.409,0
1976-03-31,5889.500,4320.563,61.927,47.525,505.490,0
1976-06-30,5932.711,4374.831,63.765,48.187,512.920,0
1976-09-30,5965.265,4410.086,64.929,48.735,518.969,0
1976-12-31,6008.504,4453.506,64.666,49.649,524.641,0
1977-03-31,6079.494,4476.520,63.859,50.724,540.035,0
1977-06-30,6197.686,4539.043,65.986,52.238,548.020,0
1977-09-30,6309.514,4594.646,67.238,52.839,554.209,0
1977-12-31,6309.652,4704.133,67.592,53.172,564.225,0
1978-03-31,6329.791,4738.892,66.856,53.084,562.936,0
1978-06-30,6574.390,4815.685,68.985,55.152,588.955,0
1978-09-30,6640.497,4864.709,70.127,55.644,590.715,0
1978-12-31,6729.755,4916.740,70.305,56.557,600.441,0
1979-03-31,6741.854,4976.074,69.517,56.899,600.697,0
1979-06-30,6749.063,4939.646,70.791,56.887,601.434,0
1979-09-30,6799.200,4952.020,72.034,56.599,600.487,0
1979-12-31,6816.203,4969.550,71.919,56.687,596.351,0
1980-03-31,6837.641,4956.949,70.680,56.999,592.025,0
1980-06-30,6696.753,4917.806,71.222,54.634,563.283,1
1980-09-30,6688.794,4918.026,71.958,53.762,573.574,1
1980-12-31,6813.535,5016.180,71.772,55.694,595.882,0
1981-03-31,6947.042,5020.776,70.928,55.871,596.919,0
1981-06-30,6895.559,5044.292,72.537,56.116,588.995,0
1981-09-30,6978.135,5140.766,73.145,56.666,585.000,0
1981-12-31,6902.105,5130.612,72.171,55.326,568.215,1
1982-03-31,6794.878,5130.732,70.531,54.307,564.967,1
1982-06-30,6825.876,5156.870,71.789,53.650,568.134,1
1982-09-30,6799.781,5126.185,72.513,52.813,558.458,1
1982-12-31,6802.497,5123.351,71.443,51.764,552.215,1
1983-03-31,6892.144,5154.935,70.117,52.315,563.782,0
1983-06-30,7048.982,5196.734,71.956,53.573,580.047,0
1983-09-30,7189.896,5256.798,74.020,55.406,594.953,0
1983-12-31,7339.893,5387.335,73.942,56.831,615.190,0
1984-03-31,7483.371,5494.247,73.348,58.523,628.834,0
1984-06-30,7612.668,5596.769,75.633,59.498,637.787,0
1984-09-30,7686.059,5692.982,76.696,59.934,639.429,0
1984-12-31,7749.151,5746.549,76.357,59.925,645.584,0
1985-03-31,7824.247,5780.719,75.457,60.081,649.739,0
1985-06-30,7893.136,5805.119,76.913,60.234,654.990,0
1985-09-30,8013.674,5839.126,77.985,60.149,659.958,0
1985-12-31,8073.239,5909.377,77.847,60.438,660.992,0
1986-03-31,8148.603,5959.504,77.012,60.826,667.834,0
1986-06-30,8185.303,6031.050,78.648,60.464,677.519,0
1986-09-30,8263.639,6075.529,79.957,60.706,688.282,0
1986-12-31,8308.021,6112.116,79.627,61.380,692.921,0
1987-03-31,8369.930,6149.269,78.807,62.126,696.224,0
1987-06-30,8460.233,6192.216,80.758,63.284,703.209,0
1987-09-30,8533.635,6258.634,82.026,64.415,711.778,0
1987-12-31,8680.162,6368.727,81.830,65.841,715.804,0
1988-03-31,8725.006,6421.106,80.890,66.421,726.810,0
1988-06-30,8839.641,6473.162,82.537,66.910,737.247,0
1988-09-30,8891.435,6540.316,83.721,67.284,741.070,0
1988-12-31,9009.913,6607.513,83.545,67.806,754.129,0
1989-03-31,9101.508,6700.724,82.852,68.074,755.444,0
1989-06-30,9170.977,6691.259,84.399,67.774,753.488,0
1989-09-30,9238.923,6728.261,85.355,67.302,753.911,0
1989-12-31,9257.128,6780.084,84.867,67.553,754.635,0
1990-03-31,9358.289,6802.657,84.403,68.050,761.549,0
1990-06-30,9392.251,6851.699,85.785,68.548,764.163,0
1990-09-30,9398.499,6843.815,86.234,68.766,763.820,0
1990-12-31,9312.937,6758.455,85.272,67.723,745.159,1
1991-03-31,9269.367,6707.450,83.467,66.442,733.633,1
1991-06-30,9341.642,6735.316,84.865,66.863,749.626,0
1991-09-30,9388.845,6756.351,85.471,67.738,758.148,0
1991-12-31,9421.565,6784.872,84.798,67.853,755.149,0
1992-03-31,9534.346,6868.272,83.626,67.844,764.689,0
1992-06-30,9637.732,6939.332,85.331,69.008,770.704,0
1992-09-30,9732.979,6969.379,86.218,69.473,779.469,0
1992-12-31,9834.510,7030.604,85.652,70.207,790.606,0
1993-03-31,9850.973,6997.746,84.619,70.814,798.850,0
1993-06-30,9908.347,7053.868,86.414,71.008,802.555,0
1993-09-30,9955.641,7063.694,87.500,71.374,809.147,0
1993-12-31,10091.049,7132.203,87.378,72.446,822.468,0
1994-03-31,10188.954,7159.052,86.590,73.492,836.212,0
1994-06-30,10327.019,7262.156,88.308,74.782,847.474,0
1994-09-30,10387.382,7297.641,89.352,75.710,861.708,0
1994-12-31,10506.372,7390.285,89.731,77.151,879.822,0
1995-03-31,10543.644,7446.661,88.660,78.321,887.263,0
1995-06-30,10575.100,7487.280,89.779,78.553,885.917,0
1995-09-30,10665.060,7556.295,90.521,79.297,894.756,0
1995-12-31,10737.478,7633.051,90.298,79.959,906.804,0
1996-03-31,10817.896,7710.102,89.229,80.535,908.616,0
1996-06-30,10998.322,7807.175,90.962,82.121,923.004,0
1996-09-30,11096.976,7883.697,92.108,83.202,932.788,0
1996-12-31,11212.205,7953.000,92.164,84.342,945.449,0
1997-03-31,11284.587,8058.292,91.420,85.960,962.297,0
1997-06-30,11472.137,8149.708,93.160,87.217,976.493,0
1997-09-30,11615.636,8271.287,94.006,89.225,995.908,0
1997-12-31,11715.393,8419.930,94.071,91.467,1003.646,0
1998-03-31,11832.486,8619.309,93.126,92.486,1018.558,0
1998-06-30,11942.032,8763.801,94.555,93.103,1029.003,0
1998-09-30,12091.614,8874.492,95.121,93.793,1032.128,0
1998-12-31,12287.000,8962.340,95.336,95.153,1056.961,0
1999-03-31,12403.293,9030.065,94.747,95.843,1072.882,0
1999-06-30,12498.694,9068.058,95.965,96.770,1086.392,0
1999-09-30,12662.385,9144.829,96.507,97.637,1098.903,0
1999-12-31,12877.593,9309.482,96.742,99.362,1115.554,0
2000-03-31,12924.179,9534.544,97.427,100.354,1120.434,0
2000-06-30,13160.842,9629.766,98.642,101.583,1130.206,0
2000-09-30,13178.419,9742.400,98.724,101.488,1130.336,0
2000-12-31,13260.506,9773.234,98.957,101.267,1127.326,0
2001-03-31,13222.690,9856.743,98.255,99.948,1120.175,0
2001-06-30,13299.984,9807.927,98.727,98.681,1105.351,1
2001-09-30,13244.784,9780.063,98.728,97.320,1100.886,1
2001-12-31,13280.859,9749.433,98.162,96.296,1117.776,1
2002-03-31,13397.002,9742.508,97.120,97.012,1117.204,0
2002-06-30,13478.152,9754.260,98.191,98.513,1130.482,0
2002-09-30,13538.072,9726.240,98.796,99.085,1134.533,0
2002-12-31,13559.032,9762.687,98.476,99.062,1131.514,0
2003-03-31,13634.253,9746.135,98.066,99.622,1131.328,0
2003-06-30,13751.543,9848.920,99.105,98.951,1140.859,0
2003-09-30,13985.073,9914.610,99.324,99.591,1161.290,0
2003-12-31,14145.645,10026.919,99.684,100.570,1168.932,0
2004-03-31,14221.147,10026.941,98.755,101.274,1177.577,0
2004-06-30,14329.523,10145.034,99.990,101.854,1187.977,0
2004-09-30,14464.984,10249.800,100.809,102.424,1198.627,0
2004-12-31,14609.876,10395.773,100.986,103.882,1215.665,0
2005-03-31,14771.602,10316.740,100.084,105.369,1230.881,0
2005-06-30,14839.782,10419.838,101.868,105.895,1246.249,0
2005-09-30,14972.054,10471.130,102.831,105.419,1252.507,0
2005-12-31,15066.597,10635.904,102.885,106.443,1263.219,0
2006-03-31,15267.026,10866.757,102.171,107.442,1283.235,0
2006-06-30,15302.705,10914.661,103.708,108.089,1279.340,0
2006-09-30,15326.368,10925.515,104.507,108.495,1279.602,0
2006-12-31,15456.928,11108.096,105.040,108.728,1290.099,0
2007-03-31,15493.328,11205.507,104.047,109.700,1301.810,0
2007-06-30,15582.085,11265.188,105.016,111.053,1308.558,0
2007-09-30,15666.738,11255.573,105.508,111.336,1313.775,0
2007-12-31,15761.967,11244.012,105.514,111.677,1320.922,0
2008-03-31,15671.383,11263.558,104.092,111.279,1305.084,1
2008-06-30,15752.308,11129.833,105.107,109.630,1295.895,1
2008-09-30,15667.032,11048.766,105.008,106.010,1252.918,1
2008-12-31,15328.027,11100.428,103.910,101.485,1193.399,1
2009-03-31,15155.940,10667.458,100.763,95.779,1149.849,1
2009-06-30,15134.117,10571.412,101.099,93.051,1127.156,1
2009-09-30,15189.222,10453.775,100.723,94.459,1143.651,0
2009-12-31,15356.058,10448.295,99.756,95.951,1157.463,0
2010-03-31,15415.145,10454.297,98.754,97.842,1169.652,0
2010-06-30,15557.277,10661.272,100.357,99.750,1193.974,0
2010-09-30,15671.967,10766.182,100.618,101.038,1210.885,0
2010-12-31,15750.625,10859.210,100.271,101.371,1220.256,0
2011-03-31,15712.754,11120.131,99.392,101.954,1230.689,0
2011-06-30,15825.096,11123.063,100.630,102.358,1227.270,0
2011-09-30,15820.700,11215.788,100.966,103.534,1241.285,0
2011-12-31,16004.107,11248.736,101.329,104.567,1255.213,0
2012-03-31,16129.418,11498.596,101.162,105.585,1271.112,0
2012-06-30,16198.807,11610.129,102.572,106.255,1277.388,0
2012-09-30,16220.667,11543.667,102.834,106.273,1278.611,0
2012-12-31,16239.138,11934.141,103.225,106.819,1291.833,0
2013-03-31,16382.964,11485.121,102.241,107.693,1308.070,0
2013-06-30,16403.180,11596.377,103.788,108.144,1311.800,0
2013-09-30,16531.685,11627.259,104.094,108.464,1319.202,0
2013-12-31,16663.649,11693.460,103.871,109.272,1340.474,0
2014-03-31,16616.540,11885.367,103.729,110.091,1339.681,0
2014-06-30,16841.475,12022.150,105.292,111.618,1354.922,0
2014-09-30,17047.098,12172.009,105.672,112.193,1366.084,0
2014-12-31,17143.038,12350.576,106.136,112.955,1373.661,0
2015-03-31,17277.580,12517.855,105.780,112.100,1381.396,0
2015-06-30,17405.669,12621.380,107.284,110.595,1386.397,0
2015-09-30,17463.222,12710.620,107.368,110.576,1392.688,0
2015-12-31,17468.902,12747.270,107.669,109.132,1395.557,0
2016-03-31,17556.839,12773.202,107.825,108.567,1402.611,0
2016-06-30,17639.417,12764.857,108.981,107.940,1403.043,0
2016-09-30,17735.074,12834.784,109.355,108.436,1413.921,0
2016-12-31,17824.231,12917.777,109.426,108.792,1426.388,0
2017-03-31,17925.256,13080.585,109.002,109.430,1433.502,0
2017-06-30,18021.048,13184.235,110.442,110.932,1435.307,0
2017-09-30,18163.558,13268.552,110.870,110.709,1455.024,0
2017-12-31,18322.464,13447.555,110.742,112.734,1479.634,0
2018-03-31,18438.254,13599.099,110.771,113.372,1476.190,0
2018-06-30,18598.135,13670.479,112.136,114.646,1479.418,0
2018-09-30,18732.720,13785.581,112.355,116.096,1487.717,0
2018-12-31,18783.548,13863.621,112.765,117.202,1492.838,0
2019-03-31,18927.281,13999.820,112.076,116.626,1515.333,0
2019-06-30,19021.860,14059.136,112.756,116.008,1507.334,0
2019-09-30,19121.112,14121.366,113.481,116.387,1521.223,0